
@BOOK{
	gonzales,
	author = {\relax{Гонсалес Р., Вудс Р.}},
	title = {Цифровая обработка изображений},
	publisher = {Техносфера},
	address = {М.},
	year = {2005},
	language = {russian}
}

@BOOK{
	shapiro-stockman,
	author = {\relax{Шапиро Л., Стокман Дж.}},
	title = {Компьютерное зрение},
	publisher = {БИНОМ, Лаборатория знаний},
	address = {М.},
	year = {2006},
	language = {russian}
}

@BOOK{opencv,
	title = {Welcome - OpenCV Wiki [Электронный ресурс]},
	publisher = {URL: http://opencv.willowgarage.com/wiki/},
	year = {Дата обращения: 04.02.2012},
	language = {english}
}

@BOOK{opencv-help,
	title = {Welcome to OpenCV documentation! --- OpenCV v2.3 documentation [Электронный ресурс]},
	publisher = {URL: http://opencv.itseez.com},
	year = {Дата обращения: 04.02.2012},
	language = {english}
}

@BOOK{brainloller,
	title = {Brainloller - диалект языка программирования Brainf*ck - Энциклопедия языков программирования [Электронный ресурс]},
	publisher = {URL: http://progopedia.ru/dialect/brainloller/},
	year = {Дата обращения: 19.02.2012},
	language = {russian}
}

@BOOK{osovskiy,
	author = {\relax{Осовский С.}},
	title = {Нейронные сети для обработки информации: Пер. с польского},
	publisher = {Финансы и статистика},
	address = {М.},
	year = {2002},
	language = "russian"
}

@BOOK{
	haikin,
	title = {Нейронные сети: полный курс, 2-е изд., испр.: Пер. с англ},
	publisher = {ООО <<И.Д. Вильямс>>},
	year = {2006},
	author = {\relax{Хайкин С.}},
	address = {М.},
	language = {russian}
}

